<?xml version="1.0" encoding="UTF-8" ?><marc:collection xmlns:marc="http://www.loc.gov/MARC21/slim" xmlns:xsi="http://www.w3.org/2001/XMLSchema-instance" xsi:schemaLocation="http://www.loc.gov/MARC21/slim http://www.loc.gov/standards/marcxml/schema/MARC21slim.xsd">
<marc:record><marc:leader>02150cam a2200385Ii 4500</marc:leader>
<marc:controlfield tag="001">b12274367</marc:controlfield>
<marc:controlfield tag="003">UaCaAUL</marc:controlfield><marc:controlfield tag="005">20170214013447.0</marc:controlfield><marc:controlfield tag="008">880329q19511955ua            000 0 ara d</marc:controlfield><marc:datafield tag="035" ind1=" " ind2=" "><marc:subfield code="a">(OCoLC)17693296</marc:subfield></marc:datafield><marc:datafield tag="040" ind1=" " ind2=" "><marc:subfield code="a">OSU</marc:subfield><marc:subfield code="b">eng</marc:subfield><marc:subfield code="e">rda</marc:subfield><marc:subfield code="c">OSU</marc:subfield><marc:subfield code="d">OSU</marc:subfield><marc:subfield code="d">OCLCQ</marc:subfield><marc:subfield code="d">OCLCF</marc:subfield><marc:subfield code="d">OCLCQ</marc:subfield><marc:subfield code="d">OCLCO</marc:subfield><marc:subfield code="d">MEAUC</marc:subfield></marc:datafield><marc:datafield tag="049" ind1=" " ind2=" "><marc:subfield code="a">MAIN</marc:subfield></marc:datafield><marc:datafield tag="050" ind1=" " ind2="4"><marc:subfield code="a">BP10.J383</marc:subfield><marc:subfield code="b">J36</marc:subfield></marc:datafield><marc:datafield tag="066" ind1=" " ind2=" "><marc:subfield code="c">(3</marc:subfield></marc:datafield><marc:datafield tag="090" ind1=" " ind2=" "><marc:subfield code="a">BP10.J383</marc:subfield><marc:subfield code="b">J3x</marc:subfield></marc:datafield><marc:datafield tag="110" ind1="2" ind2=" "><marc:subfield code="6">880-01</marc:subfield><marc:subfield code="a">Jamʻīyat al-Ikhwān al-Muslimīn (Egypt)</marc:subfield></marc:datafield><marc:datafield tag="245" ind1="1" ind2="0"><marc:subfield code="6">880-02</marc:subfield><marc:subfield code="a">Qānūn al-niẓām al-asāsī li-Hayʼat al-Ikhwān al-Muslimīn al-ʻĀmmah :</marc:subfield><marc:subfield code="b">2 Shawwāl sanat 1364 H - 8 Sibtambir sanat 1945 M ; al-Lāʼiḥah al-dākhilīyah al-ʻāmmah lil-Ikhwān al-Muslimīn : 2 Ṣafar 1371 H - 2 Nūfimbir sanat 1951 M.</marc:subfield></marc:datafield><marc:datafield tag="264" ind1=" " ind2="1"><marc:subfield code="6">880-03</marc:subfield><marc:subfield code="a">[Cairo] :</marc:subfield><marc:subfield code="b">Dār al-Anṣār,</marc:subfield><marc:subfield code="c">[1951?].</marc:subfield></marc:datafield><marc:datafield tag="300" ind1=" " ind2=" "><marc:subfield code="a">64 pages ;</marc:subfield><marc:subfield code="c">20 cm.</marc:subfield></marc:datafield><marc:datafield tag="336" ind1=" " ind2=" "><marc:subfield code="a">text</marc:subfield><marc:subfield code="b">txt</marc:subfield><marc:subfield code="2">rdacontent.</marc:subfield></marc:datafield><marc:datafield tag="337" ind1=" " ind2=" "><marc:subfield code="a">unmediated</marc:subfield><marc:subfield code="b">n</marc:subfield><marc:subfield code="2">rdamedia.</marc:subfield></marc:datafield><marc:datafield tag="338" ind1=" " ind2=" "><marc:subfield code="a">volume</marc:subfield><marc:subfield code="b">nc</marc:subfield><marc:subfield code="2">rdacarrier.</marc:subfield></marc:datafield><marc:datafield tag="490" ind1="0" ind2=" "><marc:subfield code="6">880-04</marc:subfield><marc:subfield code="a">Min turāth al-ḥarakāt al-Islāmīyah.</marc:subfield></marc:datafield><marc:datafield tag="610" ind1="2" ind2="0"><marc:subfield code="6">880-05</marc:subfield><marc:subfield code="a">Jamʻīyat al-Ikhwān al-Muslimīn (Egypt)</marc:subfield></marc:datafield><marc:datafield tag="710" ind1="2" ind2="2"><marc:subfield code="6">880-06</marc:subfield><marc:subfield code="a">Jamʻīyat al-Ikhwān al-Muslimīn (Egypt).</marc:subfield><marc:subfield code="t">Lāʼiḥah al-dākhilīyah al-ʻāmmah lil-Ikhwān al-Muslimīn.</marc:subfield></marc:datafield><marc:datafield tag="880" ind1="1" ind2="0"><marc:subfield code="6">245-02/(3/r</marc:subfield><marc:subfield code="a">قانون النظام الأساسي لهيئة الإخوان المسلمين العامة :‪</marc:subfield><marc:subfield code="b">2 شوال سنة 1364 ه-8 سبتمبر سنة 1945 م. ؛ اللائحة الداخلية العامة للإخوان المسلمين : 2 صفر 1371ه- 2 نوفمبر سنة 1951 م..</marc:subfield></marc:datafield><marc:datafield tag="880" ind1="2" ind2=" "><marc:subfield code="6">110-01/(3/r</marc:subfield><marc:subfield code="a">جمعية الإخوان المسلمين (Egypt)</marc:subfield></marc:datafield><marc:datafield tag="880" ind1=" " ind2="1"><marc:subfield code="6">264-03/(3/r</marc:subfield><marc:subfield code="a">[Cairo] :</marc:subfield><marc:subfield code="b">دار الأنصار،‪</marc:subfield><marc:subfield code="c">[1951?]</marc:subfield></marc:datafield><marc:datafield tag="880" ind1="0" ind2=" "><marc:subfield code="6">490-04/(3/r</marc:subfield><marc:subfield code="a">من تراث الحركات الإسلامية.</marc:subfield></marc:datafield><marc:datafield tag="880" ind1="2" ind2="4"><marc:subfield code="6">610-05/(3/r</marc:subfield><marc:subfield code="a">جمعية الإخوان المسلمين (Egypt)</marc:subfield></marc:datafield><marc:datafield tag="880" ind1="2" ind2=" "><marc:subfield code="6">710-06/(3/r</marc:subfield><marc:subfield code="a">جمعية الإخوان المسلمين (Egypt).‪</marc:subfield><marc:subfield code="t">لائحة الداخلية العامة للإخوان المسلمين..</marc:subfield></marc:datafield><marc:datafield tag="907" ind1=" " ind2=" "><marc:subfield code="a">.b12274367</marc:subfield><marc:subfield code="b">main </marc:subfield></marc:datafield><marc:datafield tag="902" ind1=" " ind2=" "><marc:subfield code="a">170222</marc:subfield></marc:datafield><marc:datafield tag="998" ind1=" " ind2=" "><marc:subfield code="b">1</marc:subfield><marc:subfield code="c">990530</marc:subfield><marc:subfield code="d">m</marc:subfield><marc:subfield code="e">a</marc:subfield><marc:subfield code="f">-</marc:subfield><marc:subfield code="g">0</marc:subfield><marc:subfield code="k">TA</marc:subfield></marc:datafield><marc:datafield tag="945" ind1=" " ind2=" "><marc:subfield code="l">main </marc:subfield></marc:datafield></marc:record>
</marc:collection>
